2074 2796
93 62 96 65 ,
121 57 139 112 g
170 38 391 99 armaturam
402 43 520 92 Maris
538 42 649 90 aanor
665 45 890 101 aaronem.
956 8 957 11 Ἴ

486 155 509 222 a·
534 170 558 214 4·
711 149 713 151 ’

187 227 308 279 Rationes
319 240 380 276 vero
392 239 439 292 pro
449 220 505 273 sent
522 221 573 291 ntia
583 208 932 280 celeberrimorumvirorum
996 267 998 269 -

123 293 239 350 adductas
252 294 324 365 quod
333 291 515 352 attinet,sacilis
522 291 553 343 ad
561 289 660 343 easdem
669 290 846 361 estresponsro.
863 298 933 350 Nam

173 378 192 430 1.
208 379 317 434 Damna,
328 372 445 441 figuram,
462 371 534 437 cujus
546 370 666 423 diameter
682 372 711 425 fit
723 374 797 426 tertia
814 393 869 444 pars
881 379 933 432 cir·

242 442 427 502 cumferendae,
434 440 620 509 sexangularem
630 440 690 506 effe,
697 441 739 512 sed
747 442 829 496 addita
840 446 933 502 hacre-

242 512 383 574 strietione,
401 510 523 579 fiquidem
539 509 567 561 in
584 509 675 571 eodem
687 510 763 580 plano
775 526 895 584 utraque,
905 532 933 570 et

242 583 364 634 diameter
374 595 400 632 et
411 579 558 647 perimeret,
573 578 720 632 mensuratae
733 578 835 636 suerint.
870 587 934 639 Hoc

240 650 343 703 veroin
358 649 420 700 mari
437 665 508 700 aeneo
521 646 616 700 fastum
630 646 716 711 fuisse,
726 649 885 716 probandum
896 656 933 707 est
1010 685 1017 692 »-

241 718 330 772 abillis
343 739 348 767 :
366 720 393 769 in
405 717 453 769 alio
464 716 549 787 potius
562 716 638 785 piano
648 716 893 785 circumferentiam,
903 723 932 776 in

239 789 288 840 alio
299 787 461 846 diametrum,
473 784 625 840 mensuratas
636 784 823 853 fuisse,statuo,
830 791 940 846 utinfra

241 856 379 909 ostendam.
657 877 664 882 -

172 939 204 992 Π.
222 936 330 1004 Lubrica
342 937 377 988 est
388 935 544 988 celeberrimi
555 937 603 988 viri
616 939 807 1006 argumentatio,
817 957 891 1009 quam
899 959 932 996 ert

239 1005 394 1072 etymologia
407 1005 478 1056 vocis
490 1003 554 1066 tristi
568 1005 682 1058 desumit.
717 1010 782 1059 Non
793 1011 861 1073 enim
872 1012 932 1064 ideo

237 1072 380 1126 assimilatur
390 1073 442 1125 hoc
453 1090 495 1125 vas
502 1073 563 1135 litio,
576 1075 649 1142 quod
659 1074 702 1127 sex
710 1075 787 1127 veluti
792 1074 860 1129 foliis
867 1096 931 1132 eon-
952 1124 954 1127 ,

236 1141 341 1204 stiterit,
355 1141 398 1193 sed
409 1142 467 1210 quia
478 1141 505 1194 in
517 1141 641 1212 superiori
652 1142 689 1196 sui
702 1158 773 1213 parte
782 1147 931 1216 extrorsum,
1000 1151 1002 1154 ’

238 1210 369 1263 ἱηίὶετἸίΙίἰ
374 1246 382 1273 ,
394 1208 445 1262 fuit
456 1225 623 1263 recurvatum.

165 1293 208 1345 ΠΙ.
225 1293 284 1345 Nec
294 1291 369 1354 illud,
382 1293 454 1360 quod
465 1297 575 1344 sturmius
586 1291 686 1358 adjicit,
699 1306 875 1359 argumentum
888 1293 930 1346 asi-

239 1361 311 1422 cuius
321 1361 357 1411 est
368 1361 506 1422 momenti,
519 1361 590 1429 quod
601 1361 862 1428 nempe,s1circularis
870 1361 931 1415 suis-

239 1428 276 1481 set
287 1428 360 1480 maris
372 1428 463 1496 figura,
480 1446 535 1480 non
546 1446 611 1498 opus
621 1427 704 1488 fuisset
715 1428 827 1481 indicare
838 1430 932 1483 diame-

238 1513 307 1550 trum
323 1512 349 1549 et
360 1498 524 1564 perimetrum
540 1497 622 1558 simul,
637 1496 731 1548 sedvel
746 1495 823 1550 solam
835 1499 933 1552 diame-

238 1581 306 1619 trum
317 1565 455 1633 indigitaffe
466 1564 522 1617 satis
532 1564 628 1627 suisset,
646 1583 661 1617 e
672 1582 721 1632 qua
734 1564 855 1636 deinceps
866 1569 932 1637 peri-

237 1633 325 1705 pheria
340 1633 414 1686 facile
425 1633 544 1703 potuisset
554 1633 677 1701 cognosci
687 1655 693 1682 :
705 1650 775 1696 *nam
785 1651 835 1687 nec
846 1637 873 1687 in
883 1637 932 1689 he-

235 1720 338 1771 xagono
349 1703 452 1769 regulari
462 1720 527 1771 opus
537 1701 621 1754 fuisset
631 1702 782 1753 diametrum
789 1718 815 1755 et
823 1704 932 1773 perime·
958 1715 960 1718 ’

236 1787 304 1824 trum
317 1770 387 1823 simul
397 1770 522 1833 indicare,
539 1769 582 1821 sed
593 1786 625 1820 ex
637 1770 692 1821 data
704 1769 829 1822 diametro
839 1772 932 1839 pariter

237 1839 377 1908 peripheria
392 1839 513 1907 cognosci
525 1851 638 1906 poterat,
655 1837 728 1904 quod
740 1854 833 1906 nempe
844 1839 873 1891 srt
883 1840 931 1892 tri·

236 1909 276 1978 pla
291 1908 341 1960 suae
356 1907 478 1959 diametri.
519 1909 547 1958 T
549 1924 593 1958 um
607 1921 669 1958 vero
683 1906 736 1957 hoc
752 1922 931 1972 argumentum

236 1995 284 2046 pro
300 1978 386 2029 nostra
402 1977 488 2045 potius
499 1975 536 2027 est
551 1974 681 2027 sententia.
715 1973 847 2041 Siquidem
861 1978 930 2031 enim
989 1983 991 1991 ‘

235 2045 402 2114 perimetrum
413 2060 439 2096 et
449 2045 600 2096 diametrum
617 2042 732 2109 ejusdem
744 2043 884 2112 superficiei
898 2046 931 2098 sr-

235 2115 290 2167 mui
305 2114 449 2181 indigitare,
468 2112 679 2181 supervacaneum
695 2112 745 2170 est,
760 2127 786 2164 et
803 2114 930 2183 Scriptura

234 2184 401 2235 nihilominus
413 2181 486 2232 maris
498 2182 560 2232 aenei
571 2181 720 2233 diametrum
730 2178 839 2244 seorfim,
848 2198 874 2234 et
885 2201 930 2252 pe-

236 2249 931 2318 rimetrum·seorfim,describit‚hinccolligo‚ergodia-

234 2336 316 2373 meter
326 2320 353 2372 in
364 2318 610 2388 Scripturaiudicata
624 2335 679 2370 non
691 2316 742 2372 fuit
753 2319 866 2386 eiusdem
878 2321 930 2390 pia-

235 2391 274 2453 ni,
287 2390 358 2455 cujus
368 2389 478 2443 indicata
489 2387 539 2442 fuit
550 2387 691 2458 perimeter.

819 2519 931 2610 Propo-
