2074 2796
22 1 27 7 ”
73 44 101 83 12
148 22 369 76 arnrmernra
383 19 503 73 nanta
519 12 630 72 Arnai
645 9 868 100 statutionis.

431 101 437 106 ”
759 99 951 124 w*
988 115 990 119 ,

75 133 225 202 opiniones,
235 143 326 195 utpote
339 127 481 191 Viduam,
494 124 539 192 qui
549 125 723 192 hemzspaarmm
733 129 799 181 illius
813 129 942 199 vafisfigu.
1010 177 1014 182 ,

75 219 127 255 ram
139 212 293 269 propugnat3
312 193 940 266 Rahliaorumitemquorumquamplurimiinferius

75 271 228 338 quadratam,
239 264 351 334 superius
361 263 563 325 rotundameius
572 262 676 332 figuram
682 266 805 328 statuunt,
820 281 848 319 ut
856 284 938 319 anuo-

75 339 137 392 tauit
149 339 265 388 Luranius
278 339 315 397 a):
335 348 444 399 quorum
451 347 535 383 tamen
541 331 784 403 hypotlteseS,magis
790 336 820 387 ad
831 335 890 387 vafis
896 354 939 387 ca-

74 408 208 477 pacitatem
220 403 268 455 suis
276 404 306 453 de
314 401 364 451 bati
371 400 543 468 magnitudine
551 402 714 470 opinionibus
721 403 940 463 conformandam,

75 493 151 542 quam
160 471 273 524 diametri
285 485 311 521 et
320 470 450 537 perimetri
457 469 662 524 convenientiam
669 472 942 535 ostendendam‚exco-

73 545 170 613 giratur,
176 543 290 606 adeoque
302 557 313 589 a
322 538 401 607 scopo
408 538 583 589 dissertationis
593 540 775 605 humaliatus,
785 541 869 593 studio
877 558 941 609 prae-

73 613 198 665 termitto.
232 607 386 678 Qodeuim
397 608 427 658 ad
435 606 549 659 diametri
562 623 589 659 et
599 609 728 678 perimetri
740 609 831 662 attinet
843 627 941 662 conten

72 682 195 733 nientiam
203 719 209 739 ,
216 679 321 728 eandem
338 676 381 727 hic
391 676 505 744 plerique
515 692 606 728 tenent
615 677 773 739 sententiam,
784 696 859 747 quarn
869 679 941 748 supra

72 751 101 803 in
112 746 286 802 dissertationis
295 743 385 814 prioris
392 744 511 814 proposit.
517 747 557 798 IV
571 746 692 800 recensui.

491 833 539 864 .2.

139 884 252 936 lllavero
265 882 347 934 adhuc
359 815 625 934 commertiorandaest
634 877 942 952 sententiaquamindil-

74 951 210 1007 sertatione
220 952 326 1020 quadam
335 951 367 1002 de
374 953 817 1019 hocargumento,humamanam
829 948 941 1003 conscri-

72 1020 297 1092 ptadeprehendi.
333 1022 357 1071 Is
372 1037 464 1089 nempe
475 1019 579 1087 figuram
592 1021 735 1080 marisaenei
746 1020 845 1091 prorsus
857 1018 941 1085 cylin-
967 1070 969 1072 ,
1007 1029 1009 1032 ’

72 1091 167 1142 dricam
174 1089 254 1148 fuisse,
261 1088 397 1149 existimat,
410 1088 541 1151 fictamcm
548 1090 608 1139 utin
615 1088 737 1157 superiori
747 1090 799 1156 ejus
806 1089 882 1156 plano
889 1090 942 1136 me·
987 1132 1016 1162 a*

71 1158 322 1225 tallumaliquantum
330 1157 548 1225 prorniuuerit,ita
559 1172 587 1209 ut
594 1158 623 1208 ab
631 1158 738 1221 unaer'us
749 1156 906 1210 extremitate
912 1153 943 1204 ad

72 1228 214 1296 oppositam
227 1226 348 1277 diameter
360 1225 943 1288 fuerit10cubitorumcircumferentiaautem

71 1296 182 1363 cylindri
193 1309 294 1346 externa
304 1295 331 1345 iu
337 1294 432 1361 reliqua
440 1309 509 1362 parte
520 1314 548 1358 30
561 1295 713 1348 cubitorum.
746 1297 808 1349 Hoc
816 1294 884 1349 enim
896 1308 943 1365 pa·

73 1363 756 1433 cloomnibussesatisfecisledifficultatibuaopinatur.

476 1440 498 1487 §-
512 1452 529 1496 3.
711 1450 712 1453 ’

70 1507 102 1557 ln
117 1519 165 1570 qua
176 1517 262 1554 tamen
274 1500 503 1565 eiusdelineatione
513 1501 574 1553 illud
586 1501 667 1553 adhuc
679 1499 804 1554 desidero:
1020 1566 1022 1569 y

104 1572 123 1622 l.
143 1571 295 1640 Qodnulla
306 1568 338 1621 fic
346 1569 406 1621 adst
417 1570 596 1621 convenientia
607 1571 680 1621 maris
691 1572 819 1622 aeneicum
826 1568 903 1637 figura
909 1570 940 1622 li·

137 1640 178 1701 lii,
191 1657 267 1708 quam
273 1654 357 1690 tamen
374 1638 500 1707 Scriptura
511 1637 635 1691 describit.
670 1641 730 1691 Nec
742 1637 875 1691 enimhaec
887 1640 938 1691 ori·

138 1724 180 1760 tm·
190 1727 221 1760 ex
227 1708 397 1777 prominentia
409 1708 502 1759 metalli
509 1707 596 1774 exigua
609 1708 636 1758 in
649 1706 770 1777 superiori
782 1706 840 1759 vass
853 1708 939 1775 plant),

137 1794 212 1844 quarn
221 1776 353 1828 auclorille
364 1776 485 1844 depingit.
520 1776 648 1836 Namlilia
662 1793 718 1827 non
729 1776 798 1828 simul
810 1776 938 1837 itastatim

137 1842 940 1913 recurvanturextrorsumutnonnifiinsupremasuasuperficie

137 1933 150 1964 a
163 1914 285 1965 diametro
297 1913 411 1965 inferiori
422 1913 563 1970 defledant,
569 1912 703 1965 sedsenfim
711 1913 880 1983 paulatimque
887 1913 939 1964 dia-

135 1999 218 2035 meter
224 2000 423 2051 augetur‚usque
430 1983 528 2035 dumad
540 1982 649 2034 debitam
655 1983 735 2035 lilium
746 1982 891 2052 pervenerit
902 1982 938 2034 al-

137 2053 282 2104 titudinem.
317 2052 482 2120 Hiucitaque
491 2051 548 2104 labii
560 2051 634 2103 maris
645 2051 707 2105 aenei
718 2052 859 2104 recurvatio
869 2050 940 2103 infe-

135 2122 188 2174 rius
203 2123 357 2189 aliquantum
370 2121 497 2189 incipere,
516 2136 542 2172 et
553 2120 645 2172 sensim
654 2121 825 2191 paulatimque
840 2119 940 2190 semper

135 2191 279 2243 continuari
287 2190 402 2251 debebat,
409 2190 442 2242 ita
450 2204 486 2248 ut,
492 2190 534 2242 ubi
542 2190 571 2240 ad
579 2189 737 2243 altitudinem
747 2190 856 2258 debitam
868 2208 880 2254 5
892 2207 937 2241 cu-

133 2262 247 2313 bitorum
265 2259 443 2322 adscendisset,
455 2260 604 2311 diametrum
617 2259 723 2312 haberet
738 2280 764 2313 ro
776 2260 937 2322 cubitorum,

133 2329 937 2399 eamqueinteriorem,noncomputatadensatatemetallimtpo·
1009 2333 1020 2336 “

135 2415 161 2451 te
175 2418 230 2468 quae
236 2399 423 2450 addiametrum
431 2396 572 2467 capacitatis
583 2400 762 2468 rronpertinet.
790 2397 936 2451 Inufitatum

133 2469 202 2521 enim
214 2484 241 2521 et
251 2468 392 2522 rationibus
402 2466 564 2522 mensurandi
574 2465 627 2521 vasa
637 2485 747 2523 concava
758 2467 887 2523 adversum
894 2467 936 2520 fo-

827 2566 831 2572 i
887 2550 936 2601 ret,

99 2612 122 2672 a)
138 2613 258 2676 anana
268 2611 330 2675 serrn
